@book{framelength,
title={The Use of Adaptive Frame for Speech Recognition},
author={Kwong, S. and He, Q.},
year={2001},
publisher={Hindawi Publishing Corporation}
}
@article{eddy1996hidden,
title={Hidden markov models},
author={Eddy, Sean R},
journal={Current opinion in structural biology},
volume={6},
number={3},
pages={361--365},
year={1996},
publisher={Elsevier}
}
@misc{melpic,
author={Practical-Cryptography},
title={Mel Frequency Cepstral Coefficient (MFCC) tutorial},
year={2013},
howpublished={http://practicalcryptography.com/miscellaneous/machine-learning/guide-mel-frequency-cepstral-coefficients-mfccs/}
}
